@inproceedings{goodfellow2014generative,
  title={Generative adversarial nets},
  author={Goodfellow, Ian and Pouget-Abadie, Jean and Mirza, Mehdi and Xu, Bing and Warde-Farley, David and Ozair, Sherjil and Courville, Aaron and Bengio, Yoshua},
  booktitle={Advances in Neural Information Processing Systems},
  pages={2672--2680},
  year={2014}
}

@article{cranmer2015approximating,
  title={Approximating Likelihood Ratios with Calibrated Discriminative Classifiers},
  author={Cranmer, Kyle and Pavez, Juan and Louppe, Gilles},
  eprint         = "1506.02169",
  archivePrefix  = "arXiv",
  year="2015",
  journal = {arXiv preprint arXiv:1506.02169},
}

@ARTICLE{2017arXiv170104862A,
   author = {{Arjovsky}, M. and {Bottou}, L.},
    title = "{Towards Principled Methods for Training Generative Adversarial Networks}",
  journal = {ArXiv e-prints},
archivePrefix = "arXiv",
   eprint = {1701.04862},
 primaryClass = "stat.ML",
 keywords = {Statistics - Machine Learning, Computer Science - Learning},
     year = 2017,
    month = jan,
   adsurl = {http://adsabs.harvard.edu/abs/2017arXiv170104862A},
  adsnote = {Provided by the SAO/NASA Astrophysics Data System}
}

@ARTICLE{2017arXiv170107875A,
   author = {{Arjovsky}, M. and {Chintala}, S. and {Bottou}, L.},
    title = "{Wasserstein GAN}",
  journal = {ArXiv e-prints},
archivePrefix = "arXiv",
   eprint = {1701.07875},
 primaryClass = "stat.ML",
 keywords = {Statistics - Machine Learning, Computer Science - Learning},
     year = 2017,
    month = jan,
   adsurl = {http://adsabs.harvard.edu/abs/2017arXiv170107875A},
  adsnote = {Provided by the SAO/NASA Astrophysics Data System}
}

@ARTICLE{2017arXiv170400028G,
   author = {{Gulrajani}, I. and {Ahmed}, F. and {Arjovsky}, M. and {Dumoulin}, V. and
	{Courville}, A.},
    title = "{Improved Training of Wasserstein GANs}",
  journal = {ArXiv e-prints},
archivePrefix = "arXiv",
   eprint = {1704.00028},
 primaryClass = "cs.LG",
 keywords = {Computer Science - Learning, Statistics - Machine Learning},
     year = 2017,
    month = mar,
   adsurl = {http://adsabs.harvard.edu/abs/2017arXiv170400028G},
  adsnote = {Provided by the SAO/NASA Astrophysics Data System}
}

@ARTICLE{2012arXiv1212.4507S,
   author = {{Staines}, J. and {Barber}, D.},
    title = "{Variational Optimization}",
  journal = {ArXiv e-prints},
archivePrefix = "arXiv",
   eprint = {1212.4507},
 primaryClass = "stat.ML",
 keywords = {Statistics - Machine Learning, Computer Science - Learning, Computer Science - Numerical Analysis, 65K10, G.1.6},
     year = 2012,
    month = dec,
   adsurl = {http://adsabs.harvard.edu/abs/2012arXiv1212.4507S},
  adsnote = {Provided by the SAO/NASA Astrophysics Data System}
}

@ARTICLE{2011arXiv1106.4487W,
   author = {{Wierstra}, D. and {Schaul}, T. and {Glasmachers}, T. and {Sun}, Y. and
	{Schmidhuber}, J.},
    title = "{Natural Evolution Strategies}",
  journal = {ArXiv e-prints},
archivePrefix = "arXiv",
   eprint = {1106.4487},
 primaryClass = "stat.ML",
 keywords = {Statistics - Machine Learning, Computer Science - Neural and Evolutionary Computing},
     year = 2011,
    month = jun,
   adsurl = {http://adsabs.harvard.edu/abs/2011arXiv1106.4487W},
  adsnote = {Provided by the SAO/NASA Astrophysics Data System}
}

@ARTICLE{2016arXiv161003483M,
   author = {{Mohamed}, S. and {Lakshminarayanan}, B.},
    title = "{Learning in Implicit Generative Models}",
  journal = {ArXiv e-prints},
archivePrefix = "arXiv",
   eprint = {1610.03483},
 primaryClass = "stat.ML",
 keywords = {Statistics - Machine Learning, Computer Science - Learning, Statistics - Computation},
     year = 2016,
    month = oct,
   adsurl = {http://adsabs.harvard.edu/abs/2016arXiv161003483M},
  adsnote = {Provided by the SAO/NASA Astrophysics Data System}
}

@article{amari1998natural,
  title={Natural gradient works efficiently in learning},
  author={Amari, Shun-Ichi},
  journal={Neural computation},
  volume={10},
  number={2},
  pages={251--276},
  year={1998},
  publisher={MIT Press}
}


@ARTICLE{2014arXiv1412.6980K,
   author = {{Kingma}, D.~P. and {Ba}, J.},
    title = "{Adam: A Method for Stochastic Optimization}",
  journal = {ArXiv e-prints},
archivePrefix = "arXiv",
   eprint = {1412.6980},
 primaryClass = "cs.LG",
 keywords = {Computer Science - Learning},
     year = 2014,
    month = dec,
   adsurl = {http://adsabs.harvard.edu/abs/2014arXiv1412.6980K},
  adsnote = {Provided by the SAO/NASA Astrophysics Data System}
}

@inproceedings{Neal:2007zz,
      author         = "Neal, Radford M.",
      title          = "{Computing likelihood functions for high-energy physics
                        experiments when distributions are defined by simulators
                        with nuisance parameters}",
      pages          = "111-118",
      year           = {2007},
      booktitle   = "Proceedings of PhyStat2007, CERN-2008-001",
      SLACcitation   = "%%CITATION = CERN-2008-001 ETC.;%%",
}

@article{gutmann2012noise,
  title={Noise-contrastive estimation of unnormalized statistical models, with applications to natural image statistics},
  author={Gutmann, Michael U and Hyv{\"a}rinen, Aapo},
  journal={Journal of Machine Learning Research},
  volume={13},
  number={Feb},
  pages={307--361},
  year={2012}
}

@ARTICLE{2016arXiv161110242D,
   author = {{Dutta}, R. and {Corander}, J. and {Kaski}, S. and {Gutmann}, M.~U.
	},
    title = "{Likelihood-free inference by ratio estimation}",
  journal = {ArXiv e-prints},
archivePrefix = "arXiv",
   eprint = {1611.10242},
 primaryClass = "stat.ML",
 keywords = {Statistics - Machine Learning, Statistics - Computation, Statistics - Methodology},
     year = 2016,
    month = nov,
   adsurl = {http://adsabs.harvard.edu/abs/2016arXiv161110242D},
  adsnote = {Provided by the SAO/NASA Astrophysics Data System}
}

@ARTICLE{2016arXiv160507826G,
   author = {{Graham}, M.~M. and {Storkey}, A.~J.},
    title = "{Asymptotically exact inference in differentiable generative models}",
  journal = {ArXiv e-prints},
archivePrefix = "arXiv",
   eprint = {1605.07826},
 primaryClass = "stat.CO",
 keywords = {Statistics - Computation, Statistics - Machine Learning},
     year = 2016,
    month = may,
   adsurl = {http://adsabs.harvard.edu/abs/2016arXiv160507826G},
  adsnote = {Provided by the SAO/NASA Astrophysics Data System}
}

@ARTICLE{2016arXiv161009900L,
   author = {{Le}, T.~A. and {Gunes Baydin}, A. and {Wood}, F.},
    title = "{Inference Compilation and Universal Probabilistic Programming}",
  journal = {ArXiv e-prints},
archivePrefix = "arXiv",
   eprint = {1610.09900},
 primaryClass = "cs.AI",
 keywords = {Computer Science - Artificial Intelligence, Computer Science - Learning, Statistics - Machine Learning, 68T37, 68T05, G.3, I.2.6},
     year = 2016,
    month = oct,
   adsurl = {http://adsabs.harvard.edu/abs/2016arXiv161009900L},
  adsnote = {Provided by the SAO/NASA Astrophysics Data System}
}

@article{gutmann2017likelihood,
  title={Likelihood-free inference via classification},
  author={Gutmann, Michael U and Dutta, Ritabrata and Kaski, Samuel and Corander, Jukka},
  journal={Statistics and Computing},
  pages={1--15},
  year={2017},
  publisher={Springer}
}

@article{von195113,
  title={13. Various Techniques Used in Connection With Random Digits},
  author={Von Neumann, John},
  year=1953
}
